% This file was created with JabRef 2.8.1.
% Encoding: UTF8

@BOOK{vinogradov-discrete,
  title = {Дискретные информационные системы в научных исследованиях},
  publisher = {М.},
  year = {1976},
  author = {В. И. Виноградов},
  language = {russian}
}

@ELECTRONIC{glinchenko-digital,
  author = {А.С. Глинченко},
  year = {2008},
  title = {Цифровая обработка сигналов: курс лекций},
  language = {russian},
  howpublished = {[Электронный ресурс]},
  note = {\url{http://files.lib.sfu-kras.ru/ebibl/umkd/50/u_lectures.pdf} \checkdate{27}{12}{2012}}
}

@ARTICLE{zubarev-realtime,
  author = {Ю.Б. Зубарев and В.В. Витязев and В.П Дворкович},
  title = {Цифровая обработка сигналов --- информатика реального времени},
  journal = {Цифровая обработка сигналов},
  year = {1999},
  pages = {5--17},
  number = {1},
  language = {russian}
}

@BOOK{klaassen-methods,
  title = {Основы измерений: Электронные методы и приборы в измерительной. технике},
  publisher = {Постмаркет},
  year = {2002},
  author = {К.Б. Клаассен},
  pages = {352},
  language = {russian}
}

@BOOK{kuzmichev-automation,
  title = {Автоматизация экспериментальных исследований},
  publisher = {М.},
  year = {1983},
  author = {Д. А. Кузьмичев and И. А. Радкевич and А. Д. Смирнов},
  language = {russian}
}

@BOOK{kurochkin-kamak,
  title = {Системы КАМАК - ВЕКТОР},
  publisher = {М.},
  year = {1981},
  author = {С. С. Курочкин},
  language = {russian}
}

@BOOK{rathore-digital,
  title = {Цифровые измерения. Методы и схемотехника},
  publisher = {М.: Техносфера},
  year = {2004},
  author = {Т.С. Ратхор},
  pages = {376},
  language = {russian}
}

@BOOK{sokolov-auto-measure,
  title = {Автоматические измерительные устройства в экспериментальной физике},
  publisher = {М.},
  year = {1978},
  author = {М. П. Соколов},
  edition = {2-е},
  language = {russian}
}

@BOOK{solonina-algorithms,
  title = {Алгоритмы и процессы цифровой обработки сигналов},
  publisher = {СПб: БХВ-Петербург},
  year = {2001},
  author = {А.И. Солонина and Д.А. Улахович and Л.А. Яковлев},
  pages = {464},
  language = {russian}
}

@BOOK{stupin-methods,
  title = {Методы автоматизации физических экспериментов и установок на основе
	ЭВМ},
  publisher = {М.},
  year = {1983},
  author = {Ю. В. Ступин},
  language = {russian}
}

