/*** ТРУДЫ КОНФЕРЕНЦИЙ ***/

@inproceedings{nia-mnsk-11,
  author = {И.А. Новиков and Д.А. Гладкий},
  title = {Система моделирования деформаций неупругих тел в реальном времени},
  booktitle = {Материалы XLIX Международной научной студенческой конференции
               <<Студент и научно-технический прогресс>>, Физика},
  publisher = {Новосибирский государственный университет},
  year = {2011},
  pages = {12},
  address = {Новосибирск},
  language = {russian}
}

@inproceedings{nia-bgrs-12,
  author = {I.A Novikov. and M.Y Fursov. and I.E. Efremov}, 
  title = {UGENE Assembly Browser: a tool for NGS data visualization},
  booktitle = {Abstracts of the Eighth International Conference
               on Bioinformatics of Genome Regulation and
               Structure\textbackslash{}Systems Biology},
  publisher = {Institute of cytology and genetics},
  year = {2012},
  pages = {221},
  address = {Novosibirsk},
  language = {english}
}

@inproceedings{nia-sno-13,
  author = {И.А. Новиков and Л.Р. Григорьян}, 
  title = {Информационная система обработки прецизионных сигналов},
  booktitle = {Материалы научно-практической конференции студентов и аспирантов},
  publisher = {Физико-технический факультет ФГБОУ ВПО <<Кубанского государственного университета>>},
  year = {2013},
  pages = {51--53},
  address = {Краснодар},
  language = {russian}
}

@inproceedings{nia-tumaev-13,
  author = {И.А. Новиков and Л.Р. Григорьян}, 
  title = {Информационная система обработки прецизионных сигналов},
  booktitle = {Современное состояние и приоритеты развития фундаментальных наук в регионах.
               Труды X Всероссийской научной конференции молодых ученых и студентов},
  year = {2013},
  pages = {144--146},
  address = {Краснодар},
  language = {russian}
}

/*** АВТОРСКИЕ СВИДЕТЕЛЬСТВА ***/

@unpublished{nia-processdata,
  author = "Н.М. Богатов and Л.Р. Григорьян and И.А. Новиков and Д.В. Глинов and О.Е Митина and М.А. Сахно",
  title = "Программа ProcessData",
  note = "Российская Федерация. Свидетельство о государственной регистрации программы для ЭВМ №2013612036. Зарегистрировано в Реестре программ для ЭВМ: 12.02.2013~г.",
  language = {russian}
}

@unpublished{nia-webstorage,
  author = "Н.М. Богатов and Л.Р. Григорьян and И.А. Новиков and М.А. Сахно",
  title = "Структурированное веб-хранилище файлов",
  note = "Российская Федерация. Свидетельство о государственной регистрации программы для ЭВМ №2013614129. Зарегистрировано в Реестре программ для ЭВМ: 24.04.2013~г.",
  language = {russian}
}

@unpublished{nia-semiconductor,
  author = "Н.М. Богатов and Л.Р. Григорьян and И.А. Новиков and М.А. Сахно and А.Н. Омельченко",
  title = "Программа расчета концентрации носителей заряда в примесных полупроводниках",
  note = "Российская Федерация. Свидетельство о государственной регистрации программы для ЭВМ №2013616200. Зарегистрировано в Реестре программ для ЭВМ: 01.07.2013~г.",
  language = {russian}
}

@inproceedings {nia-bogatov-13,
  author = {Григорьян Л.Р., Новиков И.А.},
  title = {Информационная система обработки прецизионных сигналов},
  booktitle = {Коллективная монография. Современные проблемы физики, биофизики
               и инфокоммуникационных технологий},
  year = {2013},
  pages = {185-198},
  address = {Краснодар},
  publisher = {ЦНТИ},
  language = {russian}
}
